@inproceedings{albaker2009survey,
  title={A survey of collision avoidance approaches for unmanned aerial vehicles},
  author={Albaker, BM and Rahim, NA},
  booktitle={Technical Postgraduates (TECHPOS), 2009 International Conference for},
  pages={1--7},
  year={2009},
  organization={IEEE}
}
